@online{SweepingVoltage,
  author = {ElectronicsBeliever},
  title = {How to Sweep Voltage in LTSpice Step by Step Tutorials},
  year = unknown,
  howpublished={\url{
http://electronicsbeliever.com/how-to-sweep-voltage-in-ltspice/}},
  urldate = {2017-01-30}
}

@online{ParameterStepping,
  author = {EECSatOSU},
  title = {How to Simulate a Variable Resistor in LTSpice},
  year = unknown,
  howpublished={\url{http://eecs.oregonstate.edu/education/docs/tutorials/LT\%20Spice\_VarResistor.pdf}},
  urldate = {2017-01-30}
}

@online{ResistorPuzzle,
  author = {Bruce},
  title = {Resistor Puzzleâ€”the sequel},
  year = unknown,
  howpublished={\url{https://e2e.ti.com/blogs_/archives/b/thesignal/archive/2013/03/11/resistor-puzzle-the-sequel
}},
  urldate = {2017-01-30}
}

@online{WeddingStats,
  author = {K. Forrest},
  title = {How long is a wedding reception?},
  year = unknown,
  howpublished={\url{https://www.weddingwire.com/wedding-ideas/how-long-is-a-wedding-reception}},
  urldate = {2023-11-11}
}

@article{noiseCancelArticle,
   author = {S. Kuo, D. Morgan},
   title = {Active noise control: A tutorial review},
   journal = {IEEE Xplore},
   DOI = {10.1109/5.763310},
   url = {https://ieeexplore.ieee.org/document/763310},
   year = {July, 1999},
   type = {Journal Article}
}

@online{carCancellation,
  author = {Silentium},
  title = {Advanced, broad-band active noise cancellation now available in cars},
  year = {2021},
  howpublished={\url{https://www.silentium.com/advanced-broad-band-active-noise-cancellation-now-available-in-cars/}},
  urldate = {2023-12-1}
}